@article{kumar2020text,
  title={Text classification algorithms for mining unstructured data: a SWOT analysis},
  author={Kumar, Akshi and Dabas, Vikrant and Hooda, Parul},
  journal={International Journal of Information Technology},
  volume={12},
  number={4},
  pages={1159--1169},
  year={2020},
  publisher={Springer}
}

@article{verma2019twitter,
  title={Twitter sentiment analysis on Indian government project using R},
  author={Verma, Pankaj and Khanday, AMUD and Rabani, Syed Tanzeel and Mir, Mahmood Hussain and Jamwal, Sanjay},
  journal={Int J Recent Technol Eng},
  volume={8},
  number={3},
  pages={8338--41},
  year={2019}
}
@article{wang2020covid,
  title={Covid-net: A tailored deep convolutional neural network design for detection of covid-19 cases from chest x-ray images},
  author={Wang, Linda and Lin, Zhong Qiu and Wong, Alexander},
  journal={Scientific Reports},
  volume={10},
  number={1},
  pages={1--12},
  year={2020},
  publisher={Nature Publishing Group}
}

@article{xu2021risk,
  title={Risk factors analysis of COVID-19 patients with ARDS and prediction based on machine learning},
  author={Xu, Wan and Sun, Nan-Nan and Gao, Hai-Nv and Chen, Zhi-Yuan and Yang, Ya and Ju, Bin and Tang, Ling-Ling},
  journal={Scientific reports},
  volume={11},
  number={1},
  pages={1--12},
  year={2021},
  publisher={Nature Publishing Group}
}

@article{bullock2020mapping,
  title={Mapping the landscape of artificial intelligence applications against COVID-19},
  author={Bullock, Joseph and Luccioni, Alexandra and Pham, Katherine Hoffman and Lam, Cynthia Sin Nga and Luengo-Oroz, Miguel},
  journal={Journal of Artificial Intelligence Research},
  volume={69},
  pages={807--845},
  year={2020}
}